@article{Rudin2019,
    author = {Rudin, Cynthia},
    title = {Stop Explaining Black Box Machine Learning Models for High Stakes Decisions and Use Interpretable Models Instead},
    journal = {Nature Machine Intelligence},
    year = {2019},
    month = {05},
    volume = {1},
    number = {5},
    pages = {206--215},
    issn = {2522-5839},
    doi = {10.1038/s42256-019-0048-x},
    url = {https://doi.org/10.1038/s42256-019-0048-x},
}
@Article{s22239544,
AUTHOR = {Nocentini, Olivia and Kim, Jaeseok and Bashir, Muhammad Zain and Cavallo, Filippo},
TITLE = {Image Classification Using Multiple Convolutional Neural Networks on the Fashion-MNIST Dataset},
JOURNAL = {Sensors},
VOLUME = {22},
YEAR = {2022},
NUMBER = {23},
ARTICLE-NUMBER = {9544},
URL = {https://www.mdpi.com/1424-8220/22/23/9544},
PubMedID = {36502243},
ISSN = {1424-8220},
DOI = {10.3390/s22239544}
}

@article{SHAMSHIRBAND2021103627,
title = {A review on deep learning approaches in healthcare systems: Taxonomies, challenges, and open issues},
journal = {Journal of Biomedical Informatics},
volume = {113},
pages = {103627},
year = {2021},
issn = {1532-0464},
doi = {https://doi.org/10.1016/j.jbi.2020.103627},
url = {https://www.sciencedirect.com/science/article/pii/S1532046420302550},
author = {Shahab Shamshirband and Mahdis Fathi and Abdollah Dehzangi and Anthony Theodore Chronopoulos and Hamid Alinejad-Rokny}
}

@incollection{Wang23,
author = {Yuan Wang and Zekun Li and Zhenyu Deng and Huiling Song and Jucheng Yang},
title = {Deep Learning for Natural Language Processing},
booktitle = {Deep Learning and Reinforcement Learning},
publisher = {IntechOpen},
address = {Rijeka},
year = {2023},
editor = {Jucheng Yang and Yarui Chen and Tingting Zhao and Yuan Wang and Xuran Pan},
chapter = {5},
doi = {10.5772/intechopen.112550},
url = {https://doi.org/10.5772/intechopen.112550}
}

@Article{s19092064,
AUTHOR = {Kocić, Jelena and Jovičić, Nenad and Drndarević, Vujo},
TITLE = {An End-to-End Deep Neural Network for Autonomous Driving Designed for Embedded Automotive Platforms},
JOURNAL = {Sensors},
VOLUME = {19},
YEAR = {2019},
NUMBER = {9},
ARTICLE-NUMBER = {2064},
URL = {https://www.mdpi.com/1424-8220/19/9/2064},
PubMedID = {31058820},
ISSN = {1424-8220},
DOI = {10.3390/s19092064}
}

@misc{lundberg2017unifiedapproachinterpretingmodel,
      title={A Unified Approach to Interpreting Model Predictions}, 
      author={Scott Lundberg and Su-In Lee},
      year={2017},
      eprint={1705.07874},
      url={https://arxiv.org/abs/1705.07874}, 
}

@mastersthesis{Singh1622975,
   author = {Singh, Vandita},
   institution = {Uppsala University, Department of Information Technology},
   pages = {74},
   school = {Uppsala University, Department of Information Technology},
   title = {Explainable AI Metrics and Properties for Evaluation and Analysis of Counterfactual Explanations: Explainable AI Metrics and Properties for Evaluation and Analysis of Counterfactual Explanations},
   series = {IT},
   number = {21120},
   year = {2021}
}

@inproceedings{Ribeiro2018,
  author = {Ribeiro, Marco Tulio and Singh, Sameer and Guestrin, Carlos},
  title = {"Why Should I Trust You?": Explaining the Predictions of Any Classifier},
  year = {2016},
  isbn = {9781450342322},
  publisher = {Association for Computing Machinery},
  address = {New York, NY, USA},
  url = {https://doi.org/10.1145/2939672.2939778},
  doi = {10.1145/2939672.2939778},
  booktitle = {Proceedings of the 22nd ACM SIGKDD International Conference on Knowledge Discovery and Data Mining},
  pages = {1135–1144},
  numpages = {10},
  keywords = {black box classifier, explaining machine learning, interpretability, interpretable machine learning},
  location = {San Francisco, California, USA},
  series = {KDD '16}
}

@misc{chan2022comparativestudyfaithfulnessmetrics,
      title={A Comparative Study of Faithfulness Metrics for Model Interpretability Methods}, 
      author={Chun Sik Chan and Huanqi Kong and Guanqing Liang},
      year={2022},
      eprint={2204.05514},
      archivePrefix={arXiv},
      primaryClass={cs.CL},
      url={https://arxiv.org/abs/2204.05514}, 
}

@misc{wachter2018CE,
  author    = {Sandra Wachter and Brent Mittelstadt and Chris Russell},
  title     = {Counterfactual Explanations without Opening the Black Box: Automated Decisions and the GDPR}, 
  year      = {2018},
  eprint    = {1711.00399},
  doi       = {10.2139/ssrn.3063289},
  SSRN      = {ID3063289},
  archivePrefix = {arXiv},
  biburl    = {https://dx.doi.org/10.2139/ssrn.3063289}
}

@article{DBLP:journals/corr/abs-1802-07623,
  author       = {Amit Dhurandhar and
                  Pin{-}Yu Chen and
                  Ronny Luss and
                  Chun{-}Chen Tu and
                  Pai{-}Shun Ting and
                  Karthikeyan Shanmugam and
                  Payel Das},
  title        = {Explanations based on the Missing: Towards Contrastive Explanations
                  with Pertinent Negatives},
  journal      = {CoRR},
  volume       = {abs/1802.07623},
  year         = {2018},
  url          = {http://arxiv.org/abs/1802.07623},
  eprinttype    = {arXiv},
  eprint       = {1802.07623},
  timestamp    = {Mon, 13 Aug 2018 16:46:52 +0200},
  biburl       = {https://dblp.org/rec/journals/corr/abs-1802-07623.bib},
  bibsource    = {dblp computer science bibliography, https://dblp.org}
}

@article{DBLP:journals/corr/abs-2106-02666,
  author       = {Dylan Slack and
                  Sophie Hilgard and
                  Himabindu Lakkaraju and
                  Sameer Singh},
  title        = {Counterfactual Explanations Can Be Manipulated},
  journal      = {CoRR},
  volume       = {abs/2106.02666},
  year         = {2021},
  url          = {https://arxiv.org/abs/2106.02666},
  eprinttype    = {arXiv},
  eprint       = {2106.02666},
  timestamp    = {Thu, 10 Jun 2021 16:34:18 +0200},
  biburl       = {https://dblp.org/rec/journals/corr/abs-2106-02666.bib},
  bibsource    = {dblp computer science bibliography, https://dblp.org}
}

@inproceedings{10.1145/3600211.3604676,
author = {Albini, Emanuele and Sharma, Shubham and Mishra, Saumitra and Dervovic, Danial and Magazzeni, Daniele},
title = {On the Connection between Game-Theoretic Feature Attributions and Counterfactual Explanations},
year = {2023},
isbn = {9798400702310},
publisher = {Association for Computing Machinery},
address = {New York, NY, USA},
url = {https://doi.org/10.1145/3600211.3604676},
doi = {10.1145/3600211.3604676},
booktitle = {Proceedings of the 2023 AAAI/ACM Conference on AI, Ethics, and Society},
pages = {411–431},
numpages = {21},
keywords = {SHAP, Shapley values, XAI, counterfactuals, feature attribution},
location = {Montr\'{e}al, QC, Canada},
series = {AIES '23}
}

@article{SAGI2020124,
title = {Explainable decision forest: Transforming a decision forest into an interpretable tree},
journal = {Information Fusion},
volume = {61},
pages = {124-138},
year = {2020},
issn = {1566-2535},
doi = {https://doi.org/10.1016/j.inffus.2020.03.013},
url = {https://www.sciencedirect.com/science/article/pii/S1566253519307869},
author = {Omer Sagi and Lior Rokach},
keywords = {Classification Trees, Decision forest, Ensemble learning},
}

@InProceedings{Kanamori:AISTATS2022,
  title = {{Counterfactual Explanation Trees: Transparent and Consistent Actionable Recourse with Decision Trees}},
  author = {Kanamori, Kentaro and Takagi, Takuya and Kobayashi, Ken and Ike, Yuichi},
  booktitle = {Proceedings of the 25th International Conference on Artificial Intelligence and Statistics},
  pages = {1846-1870},
  year = {2022},
}

@article{DBLP:journals/corr/abs-1905-07697,
  author       = {Ramaravind Kommiya Mothilal and
                  Amit Sharma and
                  Chenhao Tan},
  title        = {Explaining Machine Learning Classifiers through Diverse Counterfactual
                  Explanations},
  journal      = {CoRR},
  volume       = {abs/1905.07697},
  year         = {2019},
  url          = {http://arxiv.org/abs/1905.07697},
  eprinttype    = {arXiv},
  eprint       = {1905.07697},
  timestamp    = {Wed, 04 Aug 2021 08:31:56 +0200},
  bibsource    = {dblp computer science bibliography, https://dblp.org}
}

@INPROCEEDINGS{8631448,
  author={Gilpin, Leilani H. and Bau, David and Yuan, Ben Z. and Bajwa, Ayesha and Specter, Michael and Kagal, Lalana},
  booktitle={2018 IEEE 5th International Conference on Data Science and Advanced Analytics (DSAA)}, 
  title={Explaining Explanations: An Overview of Interpretability of Machine Learning}, 
  year={2018},
  volume={},
  number={},
  pages={80-89},
  keywords={Artificial intelligence;Computational modeling;Decision trees;Biological neural networks;Taxonomy;Complexity theory;Machine learning theories;Models and systems;Deep learning and deep analytics;Fairness and transparency in data science},
  doi={10.1109/DSAA.2018.00018}}


@misc{MaskingTechniques,
  author    = {TU Munich},
  title     = {Masking Techniques for Computer Vision and Medical Imaging},
  howpublished = {\url{https://collab.dvb.bayern/display/TUMdlma/Masking+Techniques+for+Computer+Vision+and+Medical+Imaging}},
  note      = {Accessed: 2024-06-18}
}

@article{guidotti2022counterfactual,
  author  = {Guidotti, Riccardo},
  title   = {Counterfactual explanations and how to find them: literature review and benchmarking},
  journal = {Data Mining and Knowledge Discovery},
  year    = {2022},
  month   = {4},
  pages = {1-55},
  doi     = {10.1007/s10618-022-00831-6},
  url     = {https://doi.org/10.1007/s10618-022-00831-6},
  issn    = {1573-756X}
}

@misc{doshivelez2017rigorousscienceinterpretablemachine,
      title={Towards A Rigorous Science of Interpretable Machine Learning}, 
      author={Finale Doshi-Velez and Been Kim},
      year={2017},
      eprint={1702.08608},
      archivePrefix={arXiv},
      primaryClass={stat.ML},
      url={https://arxiv.org/abs/1702.08608}, 
}


@InProceedings{pmlr-v70-koh17a,
  title = 	 {Understanding Black-box Predictions via Influence Functions},
  author =       {Pang Wei Koh and Percy Liang},
  booktitle = 	 {Proceedings of the 34th International Conference on Machine Learning},
  pages = 	 {1885--1894},
  year = 	 {2017},
  editor = 	 {Precup, Doina and Teh, Yee Whye},
  volume = 	 {70},
  series = 	 {Proceedings of Machine Learning Research},
  month = 	 {06--11 Aug},
  publisher =    {PMLR},
  pdf = 	 {http://proceedings.mlr.press/v70/koh17a/koh17a.pdf},
  url = 	 {https://proceedings.mlr.press/v70/koh17a.html},
}

@INPROCEEDINGS{8237336,
  author={Selvaraju, Ramprasaath R. and Cogswell, Michael and Das, Abhishek and Vedantam, Ramakrishna and Parikh, Devi and Batra, Dhruv},
  booktitle={2017 IEEE International Conference on Computer Vision (ICCV)}, 
  title={Grad-CAM: Visual Explanations from Deep Networks via Gradient-Based Localization}, 
  year={2017},
  volume={},
  number={},
  pages={618-626},
  keywords={Visualization;Cats;Dogs;Computer architecture;Knowledge discovery},
  doi={10.1109/ICCV.2017.74}
  
}

@inproceedings{10.1145/3306618.3314229,
author = {Lakkaraju, Himabindu and Kamar, Ece and Caruana, Rich and Leskovec, Jure},
title = {Faithful and Customizable Explanations of Black Box Models},
year = {2019},
isbn = {9781450363242},
publisher = {Association for Computing Machinery},
address = {New York, NY, USA},
url = {https://doi.org/10.1145/3306618.3314229},
doi = {10.1145/3306618.3314229},
booktitle = {Proceedings of the 2019 AAAI/ACM Conference on AI, Ethics, and Society},
pages = {131–138},
numpages = {8},
keywords = {interpretable machine learning, decision making, black box models},
location = {Honolulu, HI, USA},
series = {AIES '19}
}

@inproceedings{Pawelczyk_2020, series={WWW ’20},
   title={Learning Model-Agnostic Counterfactual Explanations for Tabular Data},
   url={http://dx.doi.org/10.1145/3366423.3380087},
   DOI={10.1145/3366423.3380087},
   booktitle={Proceedings of The Web Conference 2020},
   publisher={ACM},
   author={Pawelczyk, Martin and Broelemann, Klaus and Kasneci, Gjergji},
   year={2020},
   month=apr, pages={3126–3132},
   collection={WWW ’20}
   
}

@article{DELANEY2023103995,
title = {Counterfactual explanations for misclassified images: How human and machine explanations differ},
journal = {Artificial Intelligence},
volume = {324},
pages = {103995},
year = {2023},
issn = {0004-3702},
doi = {https://doi.org/10.1016/j.artint.2023.103995},
url = {https://www.sciencedirect.com/science/article/pii/S0004370223001418},
author = {Eoin Delaney and Arjun Pakrashi and Derek Greene and Mark T. Keane},
keywords = {XAI, Counterfactual explanation, User testing},
}

@inproceedings{10.1145/3351095.3372855,
author = {Panigutti, Cecilia and Perotti, Alan and Pedreschi, Dino},
title = {Doctor XAI: an ontology-based approach to black-box sequential data classification explanations},
year = {2020},
isbn = {9781450369367},
publisher = {Association for Computing Machinery},
address = {New York, NY, USA},
url = {https://doi.org/10.1145/3351095.3372855},
doi = {10.1145/3351095.3372855},
booktitle = {Proceedings of the 2020 Conference on Fairness, Accountability, and Transparency},
pages = {629–639},
numpages = {11},
keywords = {explainable artificial intelligence, healthcare data, machine learning},
location = {Barcelona, Spain},
series = {FAT* '20}
}

@inproceedings{WijekoonWNMPC21,
  added-at = {2024-10-11T00:00:00.000+0200},
  author = {Wijekoon, Anjana and Wiratunga, Nirmalie and Nkisi-Orji, Ikechukwu and Martin, Kyle and Palihawadana, Chamath and Corsar, David},
  biburl = {https://www.bibsonomy.org/bibtex/2299f52c615a7e0e7f5d7a21d2e6ed441/dblp},
  booktitle = {SICSA XAI},
  editor = {Martin, Kyle and Wiratunga, Nirmalie and Wijekoon, Anjana},
  ee = {https://ceur-ws.org/Vol-2894/short1.pdf},
  interhash = {3753b90095cac6028d74a8dc1f910a54},
  intrahash = {299f52c615a7e0e7f5d7a21d2e6ed441},
  keywords = {dblp},
  pages = {1-8},
  publisher = {CEUR-WS.org},
  series = {CEUR Workshop Proceedings},
  timestamp = {2024-10-14T07:09:22.000+0200},
  title = {Counterfactual Explanations for Student Outcome Prediction with Moodle Footprints.},
  url = {http://dblp.uni-trier.de/db/conf/sicsa/xai2021.html#WijekoonWNMPC21},
  volume = 2894,
  year = 2021
}




@article{data9010004,
  author = {Sergio Bemposta Rosende and David San José Gavilán and Javier Fernández-Andrés and Javier Sánchez-Soriano},
  title = {An Urban Traffic Dataset Composed of Visible Images and Their Semantic Segmentation Generated by the CARLA Simulator},
  journal = {Data},
  volume = {9},
  year = {2024},
  number = {1},
  article-number = {4},
  url = {https://www.mdpi.com/2306-5729/9/1/4},
  issn = {2306-5729},
  doi = {10.3390/data9010004}
}


@inproceedings{Looveren2021,
  author = {Van Looveren, Arnaud and Klaise, Janis},
  editor = {Oliver, Nuria and P{\'e}rez-Cruz, Fernando and Kramer, Stefan and Read, Jesse and Lozano, Jose A.},
  title = {Interpretable Counterfactual Explanations Guided by Prototypes},
  booktitle = {Machine Learning and Knowledge Discovery in Databases. Research Track},
  year = {2021},
  publisher = {Springer International Publishing},
  address = {Cham},
  pages = {650--665},
  isbn = {978-3-030-86520-7},
  biburl = {https://rdcu.be/dPqEQ}
}

@ARTICLE{8466590,
  author={Adadi, Amina and Berrada, Mohammed},
  journal={IEEE Access}, 
  title={Peeking Inside the Black-Box: A Survey on Explainable Artificial Intelligence (XAI)}, 
  year={2018},
  volume={6},
  number={},
  pages={52138-52160},
  keywords={Conferences;Machine learning;Market research;Prediction algorithms;Machine learning algorithms;Biological system modeling;Explainable artificial intelligence;interpretable machine learning;black-box models},
  doi={10.1109/ACCESS.2018.2870052}}

@article{marshall2019uber,
  title={Uber’s self-driving car saw the woman it killed, report says},
  author={Marshall, Aarian},
  journal={Wired},
  date={2019-11-19},
  url={https://www.wired.com/story/uber-self-driving-crash-arizona-ntsb-report/}
}

@article{weng2017gan,
  title   = "How to Explain the Prediction of a Machine Learning Model?",
  author  = "Weng, Lilian",
  journal = "lilianweng.github.io",
  year    = "2017",
  url     = "https://lilianweng.github.io/posts/2017-08-01-interpretation/"
}



@misc{ribeiro2016ML,
      title={Model-Agnostic Interpretability of Machine Learning}, 
      author={Marco Tulio Ribeiro and Sameer Singh and Carlos Guestrin},
      year={2016},
      eprint={1606.05386},
      archivePrefix={arXiv},
      primaryClass={stat.ML},
      url={https://arxiv.org/abs/1606.05386}, 
}

@inbook{inbook,
author = {Natsiou, Anastasia and O'Leary, Sean and Longo, Luca},
year = {2023},
month = {10},
pages = {470-486},
title = {An Exploration of the Latent Space of a Convolutional Variational Autoencoder for the Generation of Musical Instrument Tones},
isbn = {978-3-031-44069-4},
doi = {10.1007/978-3-031-44070-0_24}
}

@misc{zemni2023octetobjectawarecounterfactualexplanations,
      title={OCTET: Object-aware Counterfactual Explanations}, 
      author={Mehdi Zemni and Mickaël Chen and Éloi Zablocki and Hédi Ben-Younes and Patrick Pérez and Matthieu Cord},
      year={2023},
      eprint={2211.12380},
      archivePrefix={arXiv},
      primaryClass={cs.CV},
      url={https://arxiv.org/abs/2211.12380}, 
}


@conference{icpram24,
author={Antonio {L. Alfeo} and Mario Cimino},
title={Counterfactual-Based Feature Importance for Explainable Regression of Manufacturing Production Quality Measure},
booktitle={Proceedings of the 13th International Conference on Pattern Recognition Applications and Methods - ICPRAM},
year={2024},
pages={48-56},
publisher={SciTePress},
organization={INSTICC},
doi={10.5220/0012369600003654},
isbn={978-989-758-684-2},
issn={2184-4313},
}

@book{molnar2024,
  title={Interpretable Machine Learning},
  subtitle={A Guide for Making Black Box Models Explainable},
  author={Christoph Molnar},
  year={2024},
  edition={3},
  isbn={978-3-911578-03-5},
  url={https://christophm.github.io/interpretable-ml-book},
}


@misc{chen2019log,
title={Log Hyperbolic Cosine Loss Improves Variational Auto-Encoder},
author={Pengfei Chen and Guangyong Chen and Shengyu Zhang},
year={2019},
url={https://openreview.net/forum?id=rkglvsC9Ym},
}

@article{DBLP:journals/corr/abs-2010-10596,
  author       = {Sahil Verma and
                  John P. Dickerson and
                  Keegan Hines},
  title        = {Counterfactual Explanations for Machine Learning: {A} Review},
  journal      = {CoRR},
  volume       = {abs/2010.10596},
  year         = {2020},
  url          = {https://arxiv.org/abs/2010.10596},
  eprinttype    = {arXiv},
  eprint       = {2010.10596},
  timestamp    = {Sun, 02 Oct 2022 15:32:05 +0200},
  biburl       = {https://dblp.org/rec/journals/corr/abs-2010-10596.bib},
  bibsource    = {dblp computer science bibliography, https://dblp.org}
}

@inproceedings{inproceedings,
author = {Kusner, MJ and Russell, Chris and Loftus, Joshua and Silva, R},
year = {2017},
month = {01},
pages = {},
title = {Counterfactual Fairness},
url = {https://www.researchgate.net/publication/324600593_Counterfactual_Fairness}
}

@INPROCEEDINGS{9660058,
  author={Artelt, André and Vaquet, Valerie and Velioglu, Riza and Hinder, Fabian and Brinkrolf, Johannes and Schilling, Malte and Hammer, Barbara},
  booktitle={2021 IEEE Symposium Series on Computational Intelligence (SSCI)}, 
  title={Evaluating Robustness of Counterfactual Explanations}, 
  year={2021},
  volume={},
  number={},
  pages={01-09},
  keywords={Perturbation methods;Computational modeling;Decision making;Robustness;Complexity theory;Computational intelligence;XAI;Contrasting Explanations;Counterfactual Explanations;Robustness;Fairness},
  doi={10.1109/SSCI50451.2021.9660058}
}

@misc{nemirovsky2021countergangeneratingrealisticcounterfactuals,
      title={CounteRGAN: Generating Realistic Counterfactuals with Residual Generative Adversarial Nets}, 
      author={Daniel Nemirovsky and Nicolas Thiebaut and Ye Xu and Abhishek Gupta},
      year={2021},
      eprint={2009.05199},
      archivePrefix={arXiv},
      primaryClass={cs.LG},
      url={https://arxiv.org/abs/2009.05199}, 
}

@inproceedings{NEURIPS2021_fd0a5a5e,
 author = {Tsirtsis, Stratis and De, Abir and Rodriguez, Manuel},
 booktitle = {Advances in Neural Information Processing Systems},
 editor = {M. Ranzato and A. Beygelzimer and Y. Dauphin and P.S. Liang and J. Wortman Vaughan},
 pages = {30127--30139},
 publisher = {Curran Associates, Inc.},
 title = {Counterfactual Explanations in Sequential Decision Making Under Uncertainty},
 url = {https://proceedings.neurips.cc/paper_files/paper/2021/file/fd0a5a5e367a0955d81278062ef37429-Paper.pdf},
 volume = {34},
 year = {2021}
}

@article{ustun2019actionable,
  title={Actionable Recourse in Linear Classification},
  author={Ustun, Berk and Spangher, Alexander and Liu, Yang},
  journal={Proceedings of the Conference on Fairness, Accountability, and Transparency},
  pages={10--19},
  year={2019}
}

@inproceedings{karimi2020algorithmic,
  title={Algorithmic Recourse Under Imperfect Causal Knowledge: A Probabilistic Approach},
  author={Karimi, Amir-Hossein and von K{\"u}gelgen, Julius and Sch{\"o}lkopf, Bernhard and Valera, Isabel},
  booktitle={Advances in Neural Information Processing Systems},
  volume={33},
  year={2020}
}

@article{delser2022tradeoff,
  title={Exploring the Trade-off between Plausibility, Change Intensity and Adversarial Power in Counterfactual Explanations using Multi-objective Optimization},
  author={Del Ser, Javier and others},
  journal={arXiv preprint arXiv:2205.10232},
  year={2022}
}

@inbook{kennyposthoc2021,
author = {Kenny, Eoin and Delaney, Eoin and Greene, Derek and Keane, Mark},
year = {2021},
month = {02},
pages = {20-34},
title = {Post-hoc Explanation Options for XAI in Deep Learning: The Insight Centre for Data Analytics Perspective},
isbn = {978-3-030-68795-3},
doi = {10.1007/978-3-030-68796-0_2}
}

@misc{wiratunga2021discerndiscoveringcounterfactualexplanationsusing,
      title={DisCERN:Discovering Counterfactual Explanations using Relevance Features from Neighbourhoods}, 
      author={Nirmalie Wiratunga and Anjana Wijekoon and Ikechukwu Nkisi-Orji and Kyle Martin and Chamath Palihawadana and David Corsar},
      year={2021},
      eprint={2109.05800},
      archivePrefix={arXiv},
      primaryClass={cs.LG},
      url={https://arxiv.org/abs/2109.05800}, 
}












































#------------------------------------------------------------------
VAE
#------------------------------------------------------------------
@article{doersch2016tutorial,
  title        = {Tutorial on variational autoencoders},
  author       = {Doersch, Carl},
  journal      = {arXiv preprint arXiv:1606.05908},
  year         = {2016}
}

@article{10.1162/neco.1995.7.5.889,
    author = {Dayan, Peter and Hinton, Geoffrey E. and Neal, Radford M. and Zemel, Richard S.},
    title = {The Helmholtz Machine},
    journal = {Neural Computation},
    volume = {7},
    number = {5},
    pages = {889-904},
    year = {1995},
    month = {09},
    issn = {0899-7667},
    doi = {10.1162/neco.1995.7.5.889},
    url = {https://doi.org/10.1162/neco.1995.7.5.889},
    eprint = {https://direct.mit.edu/neco/article-pdf/7/5/889/813131/neco.1995.7.5.889.pdf},
}

@misc{kingma2022autoencodingvariationalbayes,
      title={Auto-Encoding Variational Bayes}, 
      author={Diederik P Kingma and Max Welling},
      year={2022},
      eprint={1312.6114},
      archivePrefix={arXiv},
      primaryClass={stat.ML},
      url={https://arxiv.org/abs/1312.6114}, 
}

@misc{kurt2017kullback,
  author = {Kurt, Will},
  title = {Kullback-Leibler Divergence Explained},
  year = {2017},
  url = {https://www.countbayesie.com/blog/2017/5/9/kullback-leibler-divergence-explained},
  note = {Accessed: 2024-08-16}
}

@misc{stackexchange_kl_vae,
  author = {User on Cross Validated (Stack Exchange)},
  title = {Deriving the KL Divergence Loss for VAEs},
  year = {2018},
  url = {https://stats.stackexchange.com/questions/318748/deriving-the-kl-divergence-loss-for-vaes/370048#370048},
  note = {Accessed: 2025-03-20}
}


@article{Kingma_2019,
   title={An Introduction to Variational Autoencoders},
   volume={12},
   ISSN={1935-8245},
   url={http://dx.doi.org/10.1561/2200000056},
   DOI={10.1561/2200000056},
   number={4},
   journal={Foundations and Trends® in Machine Learning},
   publisher={Now Publishers},
   author={Kingma, Diederik P. and Welling, Max},
   year={2019},
   pages={307–392} 
}

@article{TRUNZ2022200059,
title = {Efficient structuring of the latent space for controllable data reconstruction and compression},
journal = {Graphics and Visual Computing},
volume = {7},
pages = {200059},
year = {2022},
issn = {2666-6294},
doi = {https://doi.org/10.1016/j.gvc.2022.200059},
url = {https://www.sciencedirect.com/science/article/pii/S2666629422000122},
author = {Elena Trunz and Michael Weinmann and Sebastian Merzbach and Reinhard Klein}
}

@article{Mak2023ApplicationOV,
  title={Application of Variational AutoEncoder (VAE) Model and Image Processing Approaches in Game Design},
  author={Hugo Wai Leung Mak and Runze Han and Hoover H. F. Yin},
  journal={Sensors (Basel, Switzerland)},
  year={2023},
  volume={23},
  url={https://api.semanticscholar.org/CorpusID:257795488}
}

@article{ernst2024counterfactual,
  title={Counterfactual generating Variational Autoencoder for Anomaly Detection},
  author={Ernst, Renate},
  year={2024}
}

@misc{shrivastava2025latentspacecharacterizationautoencoder,
      title={Latent Space Characterization of Autoencoder Variants}, 
      author={Anika Shrivastava and Renu Rameshan and Samar Agnihotri},
      year={2025},
      eprint={2412.04755},
      archivePrefix={arXiv},
      primaryClass={cs.LG},
      url={https://arxiv.org/abs/2412.04755}, 
}

@inproceedings{An2015VariationalAB,
  title={Variational Autoencoder based Anomaly Detection using Reconstruction Probability},
  author={Jinwon An and Sungzoon Cho},
  year={2015},
  url={https://api.semanticscholar.org/CorpusID:36663713}
}

@article{weng2018VAE,
  title   = "From Autoencoder to Beta-VAE",
  author  = "Weng, Lilian",
  journal = "lilianweng.github.io",
  year    = "2018",
  url     = "https://lilianweng.github.io/posts/2018-08-12-vae/"
}

@misc{barr2021counterfactualexplanationslatentspace,
      title={Counterfactual Explanations via Latent Space Projection and Interpolation}, 
      author={Brian Barr and Matthew R. Harrington and Samuel Sharpe and C. Bayan Bruss},
      year={2021},
      eprint={2112.00890},
      archivePrefix={arXiv},
      primaryClass={cs.LG},
      url={https://arxiv.org/abs/2112.00890}, 
}

@misc{crupi2021counterfactualexplanationsinterventionslatent,
      title={Counterfactual Explanations as Interventions in Latent Space}, 
      author={Riccardo Crupi and Alessandro Castelnovo and Daniele Regoli and Beatriz San Miguel Gonzalez},
      year={2021},
      eprint={2106.07754},
      archivePrefix={arXiv},
      primaryClass={cs.AI},
      url={https://arxiv.org/abs/2106.07754}, 
}

@article{wang2024counterfactual,
  author       = {Rushan Wang and Yanan Xin and Yatao Zhang and Fernando Perez-Cruz and Martin Raubal},
  title        = {Counterfactual Explanations for Deep Learning-Based Traffic Forecasting},
  journal      = {arXiv preprint arXiv:2405.00456},
  year         = {2024},
  archivePrefix= {arXiv},
  eprint       = {2405.00456},
  primaryClass = {cs.LG}
}

@misc{agarwal2020explainingimageclassifiersremoving,
      title={Explaining image classifiers by removing input features using generative models}, 
      author={Chirag Agarwal and Anh Nguyen},
      year={2020},
      eprint={1910.04256},
      archivePrefix={arXiv},
      primaryClass={cs.LG},
      url={https://arxiv.org/abs/1910.04256}, 
}












































# latent Space
@article{Batteyjkaa036,
    author = {Battey, C J and Coffing, Gabrielle C and Kern, Andrew D},
    title = {Visualizing population structure with variational autoencoders},
    journal = {G3 Genes|Genomes|Genetics},
    volume = {11},
    number = {1},
    pages = {jkaa036},
    year = {2021},
    month = {01},
    issn = {2160-1836},
    doi = {10.1093/g3journal/jkaa036},
    url = {https://doi.org/10.1093/g3journal/jkaa036},
    eprint = {https://academic.oup.com/g3journal/article-pdf/11/1/jkaa036/38018232/jkaa036.pdf},
}












#classifiers metrics
@article{labelf2025metrics,
  title = {What is Accuracy, Precision, Recall and F1 Score?},
  author = {Labelf AI},
  journal = {Labelf AI Blog},
  year = {2025},
  url = {https://www.labelf.ai/blog/what-is-accuracy-precision-recall-and-f1-score}
}

@article{roc_auc2024,
  title = {The receiver operating characteristic curve accurately assesses ...},
  author = {Flach, P. and Kull, M.},
  journal = {PMC},
  year = {2024},
  url = {https://pmc.ncbi.nlm.nih.gov/articles/PMC11240176/}
}

@article{confusion_matrix2024,
  title = {Confusion Matrix-Based Performance Evaluation Metrics},
  author = {African Journal of Biomedical Research},
  journal = {African Journal of Biomedical Research},
  year = {2024},
  url = {https://africanjournalofbiomedicalresearch.com/index.php/AJBR/article/view/4345}
}

@article{svm_rf_knn2017,
  title = {Comparison of Random Forest, k-Nearest Neighbor, and Support Vector Machine classifiers ...},
  author = {Knorn, J. et al.},
  journal = {PMC},
  year = {2017},
  url = {https://pmc.ncbi.nlm.nih.gov/articles/PMC5796274/}
}

@article{scikit-learn,
author = {Pedregosa, Fabian and Varoquaux, Gael and Gramfort, Alexandre and Michel, Vincent and Thirion, Bertrand and Grisel, Olivier and Blondel, Mathieu and Prettenhofer, Peter and Weiss, Ron and Dubourg, Vincent and Vanderplas, Jake and Passos, Alexandre and Cournapeau, David and Brucher, Matthieu and Perrot, Matthieu and Duchesnay, Edouard and Louppe, Gilles},
year = {2012},
month = {01},
pages = {},
title = {Scikit-learn: Machine Learning in Python},
volume = {12},
journal = {Journal of Machine Learning Research}
}

@article{Cover1967,
  author    = {Cover, Thomas M. and Hart, Peter E.},
  title     = {Nearest Neighbor Pattern Classification},
  journal   = {IEEE Transactions on Information Theory},
  volume    = {13},
  number    = {1},
  pages     = {21--27},
  year      = {1967},
  publisher = {IEEE}
}


@article{Breiman2001,
  author    = {Breiman, Leo},
  title     = {Random Forests},
  journal   = {Machine Learning},
  volume    = {45},
  number    = {1},
  pages     = {5--32},
  year      = {2001},
  publisher = {Kluwer Academic Publishers}
}

@article{Cortes1995,
  author    = {Cortes, Corinna and Vapnik, Vladimir N.},
  title     = {Support-Vector Networks},
  journal   = {Machine Learning},
  volume    = {20},
  number    = {3},
  pages     = {273--297},
  year      = {1995},
  publisher = {Kluwer Academic Publishers}
}

















































#CARLA

@inproceedings{Dosovitskiy2017CARLAAO,
  title={CARLA: An Open Urban Driving Simulator},
  author={Alexey Dosovitskiy and Germ{\'a}n Ros and Felipe Codevilla and Antonio M. L{\'o}pez and Vladlen Koltun},
  booktitle={Conference on Robot Learning},
  year={2017},
  url={https://api.semanticscholar.org/CorpusID:5550767},
  repo_url={https://github.com/carla-simulator/carla}
}
@article{10.1145/3630646.3630648,
author = {Berlincioni, Lorenzo},
title = {Autonomous Driving Research with CARLA Simulator},
year = {2023},
issue_date = {March 2022},
publisher = {Association for Computing Machinery},
address = {New York, NY, USA},
volume = {14},
number = {1},
url = {https://doi.org/10.1145/3630646.3630648},
doi = {10.1145/3630646.3630648},
journal = {SIGMultimedia Rec.},
month = oct,
articleno = {2},
numpages = {1}
}

@manual{CARLA2024,
  title        = {CARLA Documentation: Maps},
  author       = {{CARLA Simulator}},
  organization = {CARLA Team},
  year         = {2024},
  url          = {https://carla.readthedocs.io/en/latest/core_map/},
  note         = {Accessed: 2024-10-08}
}

@manual{CARLA2024docs,
  title        = {CARLA Documentation},
  author       = {{CARLA Simulator}},
  organization = {CARLA Team},
  year         = {2024},
  url          = {https://carla.readthedocs.io/en/latest/},
  note         = {Accessed: 2024-10-08}
}

@article{article,
author = {Kim, Yongsu and Kang, Hyoeun and Suryanto, Naufal and Larasati, Harashta and Mukaroh, Afifatul and Kim, Howon},
year = {2021},
month = {08},
pages = {},
title = {Extended Spatially Localized Perturbation GAN (eSLP-GAN) for Robust Adversarial Camouflage Patches},
volume = {21},
journal = {Sensors (Basel, Switzerland)},
doi = {10.3390/s21165323}
}

@Article{s23020895,
AUTHOR = {Tsai, Jichiang and Chang, Che-Cheng and Li, Tzu},
TITLE = {Autonomous Driving Control Based on the Technique of Semantic Segmentation},
JOURNAL = {Sensors},
VOLUME = {23},
YEAR = {2023},
NUMBER = {2},
ARTICLE-NUMBER = {895},
URL = {https://www.mdpi.com/1424-8220/23/2/895},
PubMedID = {36679688},
ISSN = {1424-8220},
DOI = {10.3390/s23020895}
}

@inproceedings{Pahl2021,
author = {Pirri, Patrick and Pahl, Claus and El Ioini, Nabil and Barzegar, Hamid R.},
year = {2021},
month = {01},
pages = {1-6},
title = {Towards Cooperative Maneuvering Simulation: Tools and Architecture},
doi = {10.1109/CCNC49032.2021.9369507}
}

@InProceedings{10.1007/978-3-031-66146-4_10,
author="Kisselbach, Timo
and W{\"o}rner, Philipp
and Pacher, Mathias
and Brinkschulte, Uwe",
editor="Fey, Dietmar
and Stabernack, Benno
and Lankes, Stefan
and Pacher, Mathias
and Pionteck, Thilo",
title="An Organic Computing Approach for CARLA Simulator",
booktitle="Architecture of Computing Systems",
year="2024",
publisher="Springer Nature Switzerland",
address="Cham",
pages="142--157",
isbn="978-3-031-66146-4"
}



@article{MALIK2022742,
title = {CARLA: Car Learning to Act — An Inside Out},
journal = {Procedia Computer Science},
volume = {198},
pages = {742-749},
year = {2022},
note = {12th International Conference on Emerging Ubiquitous Systems and Pervasive Networks / 11th International Conference on Current and Future Trends of Information and Communication Technologies in Healthcare},
issn = {1877-0509},
doi = {https://doi.org/10.1016/j.procs.2021.12.316},
url = {https://www.sciencedirect.com/science/article/pii/S1877050921025552},
author = {Sumbal Malik and Manzoor Ahmed Khan and Hesham El-Sayed},
keywords = {simulation, autonomous driving, CARLA, LGSVL},
}
















































# YOLO
@misc{jocher2020yolov5,
  title={YOLOv5 by Ultralytics},
  author={Jocher, Glenn},
  year={2020},
  howpublished={\url{https://github.com/ultralytics/yolov5}}
}

@misc{lin2015microsoftcococommonobjects,
      title={Microsoft COCO: Common Objects in Context}, 
      author={Tsung-Yi Lin and Michael Maire and Serge Belongie and Lubomir Bourdev and Ross Girshick and James Hays and Pietro Perona and Deva Ramanan and C. Lawrence Zitnick and Piotr Dollár},
      year={2015},
      eprint={1405.0312},
      archivePrefix={arXiv},
      primaryClass={cs.CV},
      url={https://arxiv.org/abs/1405.0312}, 
}




















@misc{choose_your_data_wisely_a_framework_for_semantic_counterfactuals_2023,
        title={ Choose your Data Wisely: A Framework for Semantic Counterfactuals },
        year={ 2023 },
        publisher={ arXiv (Cornell University) },
        doi={ 10.48550/arxiv.2305.17667 },
        url={https://typeset.io/papers/choose-your-data-wisely-a-framework-for-semantic-ndzbpcjn},
      }

@misc{paul_jacob__2021,
        title={ STEEX: Steering Counterfactual Explanations with Semantics },
        author={ Paul Jacob and A. Russo and Eloi Zablocki and Hedi Ben-younes and Mickaël Chen and Patrick Pérez and Matthieu Cord },
        journal={ arXiv: Computer Vision and Pattern Recognition },
        year={ 2021 },
        url={https://typeset.io/papers/steex-steering-counterfactual-explanations-with-semantics-rvnl2uf4ls},
      }

@article{Vermeire2022,
  author    = {Tom Vermeire and Dieter Brughmans and Sofie Goethals and Raphael Mazzine Barbossa de Oliveira and David Martens},
  title     = {Explainable image classification with evidence counterfactual},
  journal   = {Pattern Analysis and Applications},
  year      = {2022},
  volume    = {25},
  number    = {2},
  pages     = {315--335},
  doi       = {10.1007/s10044-021-01055-y},
  url       = {https://doi.org/10.1007/s10044-021-01055-y},
  issn      = {1433-755X}
}

@ARTICLE{2018arXiv181207238A,
       author = {{Asperti}, Andrea},
        title = "{Sparsity in Variational Autoencoders}",
      journal = {arXiv e-prints},
     keywords = {Computer Science - Machine Learning, Statistics - Machine Learning},
         year = 2018,
        month = dec,
          eid = {arXiv:1812.07238},
        pages = {arXiv:1812.07238},
          doi = {10.48550/arXiv.1812.07238},
archivePrefix = {arXiv},
       eprint = {1812.07238},
 primaryClass = {cs.LG},
       adsurl = {https://ui.adsabs.harvard.edu/abs/2018arXiv181207238A},
      adsnote = {Provided by the SAO/NASA Astrophysics Data System}
}

@article{ALI2023101805,
title = {Explainable Artificial Intelligence (XAI): What we know and what is left to attain Trustworthy Artificial Intelligence},
journal = {Information Fusion},
volume = {99},
pages = {101805},
year = {2023},
issn = {1566-2535},
doi = {https://doi.org/10.1016/j.inffus.2023.101805},
url = {https://www.sciencedirect.com/science/article/pii/S1566253523001148},
author = {Sajid Ali and Tamer Abuhmed and Shaker El-Sappagh and Khan Muhammad and Jose M. Alonso-Moral and Roberto Confalonieri and Riccardo Guidotti and Javier {Del Ser} and Natalia Díaz-Rodríguez and Francisco Herrera},
keywords = {Explainable Artificial Intelligence, Interpretable machine learning, Trustworthy AI, AI principles, Post-hoc explainability, XAI assessment, Data Fusion, Deep Learning},
}

@book{russell2016,
  author   = {Russell, Stuart and Norvig, Peter},
  title    = {{Artificial Intelligence A Modern Approach, Global Edition}},
  abstract = {{For one or two-semester, undergraduate or graduate-level courses in Artificial Intelligence.
The long-anticipated revision of this best-selling text offers the most comprehensive, up-to-date introduction to the theory and practice of artificial intelligence.
}},
  pages    = {1152},
  publisher = {Pearson Deutschland},
  year     = {2016},
  isbn     = {9781292153964},
  doi      = {},
  url      = {https://elibrary.pearson.de/book/99.150005/9781292153971}
}

@book{marl-book,
  author = {Stefano V. Albrecht and Filippos Christianos and Lukas Sch\"afer},
  title = {Multi-Agent Reinforcement Learning: Foundations and Modern Approaches},
  publisher = {MIT Press},
  year = {2024},
  url = {https://www.marl-book.com}
}


@inproceedings{grover2018flowgan,
  title     = {Flow-GAN: Combining Maximum Likelihood and Adversarial Learning in Generative Models},
  author    = {Aditya Grover and Manik Dhar and Stefano Ermon},
  year      = {2018},
  eprint    = {1705.08868},
  archivePrefix = {arXiv},
  primaryClass = {cs.LG},
  url       = {https://arxiv.org/abs/1705.08868},
  booktitle = {Proceedings of the AAAI Conference on Artificial Intelligence}
}





@misc{disentangled_vae,
  author       = {Andrew Spano},
  title        = {Disentangled Variational Autoencoder},
  year         = {2021},
  url          = {https://github.com/AndrewSpano/Disentangled-Variational-Autoencoder},
  note         = {Accessed: 2024-08-27}
}

@article{Chen2022ContextAF,
  title={Context Autoencoder for Self-Supervised Representation Learning},
  author={Xiaokang Chen and Mingyu Ding and Xiaodi Wang and Ying Xin and Shentong Mo and Yunhao Wang and Shumin Han and Ping Luo and Gang Zeng and Jingdong Wang},
  journal={ArXiv},
  year={2022},
  volume={abs/2202.03026},
  url={https://api.semanticscholar.org/CorpusID:246634394}
}


@article{DBLP:journals/corr/abs-2201-10703,
  author       = {Hanqiu Deng and
                  Xingyu Li},
  title        = {Anomaly Detection via Reverse Distillation from One-Class Embedding},
  journal      = {CoRR},
  volume       = {abs/2201.10703},
  year         = {2022},
  url          = {https://arxiv.org/abs/2201.10703},
  eprinttype    = {arXiv},
  eprint       = {2201.10703},
  timestamp    = {Tue, 01 Feb 2022 14:59:01 +0100},
  biburl       = {https://dblp.org/rec/journals/corr/abs-2201-10703.bib},
  bibsource    = {dblp computer science bibliography, https://dblp.org}
}

@misc{AutoencoderExplained2023,
  author = {YouTube},
  title = {Autoencoder Explained - Deep Neural Networks},
  year = {2023},
  howpublished = {\url{https://www.youtube.com/watch?v=q222maQaPYo}},
  note = {Accessed: 2024-08-27}
}

@misc{Latesntspace2017,
  author = {Medium},
  title = {{Latent space visualization---Deep Learning bits \#2}},
  year = {2017},
  howpublished = {\url{https://medium.com/hackernoon/latent-space-visualization-deep-learning-bits-2-bd09a46920df}},
  note = {Accessed: 2024-08-28}
}


@misc{ReinforcementLearning2022,
  author = {YouTube},
  title = {Reinforcement Learning Series: Overview of Methods},
  year = {2022},
  howpublished = {\url{https://youtu.be/i7q8bISGwMQ}},
  note = {Accessed: 2024-08-27}
}


@misc{razak2023autonomous,
  author       = {Idrees Razak},
  title        = {Autonomous Driving in Carla using Deep Reinforcement Learning},
  year         = {2023},
  url          = {https://github.com/idreesshaikh/Autonomous-Driving-in-Carla-using-Deep-Reinforcement-Learning},
  note         = {Accessed: 2024-08-27},
  license      = {MIT License},
  acknowledgments = {I thank Dr. Toka László for his exceptional leadership and unwavering support during this work.}
}


@article{Gomez2020ConceptLI,
  title={Concept Learning in Deep Reinforcement Learning},
  author={Diego Gomez and Nicanor Quijano and Luis Felipe Giraldo},
  journal={ArXiv},
  year={2020},
  volume={abs/2005.07870},
  url={https://api.semanticscholar.org/CorpusID:218674552}
}



@article{Zhou2023EventTriggeredMP,
  title={Event-Triggered Model Predictive Control for Autonomous Vehicle Path Tracking: Validation Using CARLA Simulator},
  author={Zhao-Ying Zhou and Christopher Rother and Jun Chen},
  journal={IEEE Transactions on Intelligent Vehicles},
  year={2023},
  volume={8},
  pages={3547-3555},
  url={https://api.semanticscholar.org/CorpusID:258137493}
}


@inproceedings{Hamman2023RobustCE,
  title={Robust Counterfactual Explanations for Neural Networks With Probabilistic Guarantees},
  author={Faisal Hamman and Erfaun Noorani and Saumitra Mishra and Daniele Magazzeni and Sanghamitra Dutta},
  booktitle={International Conference on Machine Learning},
  year={2023},
  url={https://api.semanticscholar.org/CorpusID:258833678}
}

@misc{yeshwanth2023counterfactual,
  author       = {Yeshwanth N.},
  title        = {Counterfactual Explanations: Unraveling the "What Ifs" of Machine Learning Decisions},
  year         = {2023},
  month        = {November 11},
  url          = {https://www.linkedin.com/pulse/counterfactual-explanations-unraveling-what-ifs-machine-yeshwanth-n-wylsc/},
  note         = {Accessed: 2024-08-27}
}


@article{10.1145/3648472,
author = {Gajcin, Jasmina and Dusparic, Ivana},
title = {Redefining Counterfactual Explanations for Reinforcement Learning: Overview, Challenges and Opportunities},
year = {2024},
issue_date = {September 2024},
publisher = {Association for Computing Machinery},
address = {New York, NY, USA},
volume = {56},
number = {9},
issn = {0360-0300},
url = {https://doi.org/10.1145/3648472},
doi = {10.1145/3648472},
journal = {ACM Comput. Surv.},
month = {apr},
articleno = {219},
numpages = {33},
keywords = {Reinforcement learning, explainability, interpretability, counterfactual explanations}
}


#VAE

@inproceedings{
ma2022clear,
title={{CLEAR}: Generative Counterfactual Explanations on Graphs},
author={Jing Ma and Ruocheng Guo and Saumitra Mishra and Aidong Zhang and Jundong Li},
booktitle={Advances in Neural Information Processing Systems},
editor={Alice H. Oh and Alekh Agarwal and Danielle Belgrave and Kyunghyun Cho},
year={2022},
url={https://openreview.net/forum?id=YR-s5leIvh}
}

@ARTICLE{9408405,
  author={Ye, Fei and Bors, Adrian G.},
  journal={IEEE Transactions on Neural Networks and Learning Systems}, 
  title={Deep Mixture Generative Autoencoders}, 
  year={2022},
  volume={33},
  number={10},
  pages={5789-5803},
  keywords={Mixture models;Decoding;Data models;Training;Linear programming;Probabilistic logic;Task analysis;Generative deep learning;mixtures of variational autoencoders (MVAEs);optimal number of components in mixtures;representation learning},
  doi={10.1109/TNNLS.2021.3071401}}

@misc{bairouk2024exploringlatentpathwaysenhancing,
      title={Exploring Latent Pathways: Enhancing the Interpretability of Autonomous Driving with a Variational Autoencoder}, 
      author={Anass Bairouk and Mirjana Maras and Simon Herlin and Alexander Amini and Marc Blanchon and Ramin Hasani and Patrick Chareyre and Daniela Rus},
      year={2024},
      eprint={2404.01750},
      archivePrefix={arXiv},
      primaryClass={cs.CV},
      url={https://arxiv.org/abs/2404.01750}, 
}

@Article{s23073457,
  AUTHOR = {Mak, Hugo Wai Leung and Han, Runze and Yin, Hoover H. F.},
  TITLE = {Application of Variational AutoEncoder (VAE) Model and Image Processing Approaches in Game Design},
  JOURNAL = {Sensors},
  VOLUME = {23},
  YEAR = {2023},
  NUMBER = {7},
  ARTICLE-NUMBER = {3457},
  URL = {https://www.mdpi.com/1424-8220/23/7/3457},
  PubMedID = {37050517},
  ISSN = {1424-8220},
  DOI = {10.3390/s23073457}
}

@misc{VAESeries32023,
  author = {Renda Zhang},
  publisher = {Medium},
  title = {{Variational Autoencoders Series 3 — Encoding and Reconstruction: Building and Training VAEs}},
  year = {2024},
  howpublished = {\url{https://rendazhang.medium.com/variational-autoencoders-series-3-encoding-and-reconstruction-building-and-training-vaes-48c19f8d2d6c}},
  note = {Accessed: 2024-04-06}
}

@misc{bernstein2023vae,
  author = {Matthew N. Bernstein},
  title = {Variational Autoencoders},
  year = {2023},
  howpublished = {\url{https://mbernste.github.io/posts/vae/}},
  published= {March 14, 2023},
  url = {https://mbernste.github.io/posts/vae/},
  authornote = {Machine learning scientist at Stellaromics}
}




#LIME
@misc{solanki2022lime,
  author       = {Sunny Solanki},
  title        = {How to Use LIME to Interpret Predictions of ML Models [Python]?},
  year         = {2022},
  month        = {August 6},
  url          = {https://coderzcolumn.com/tutorials/machine-learning/how-to-use-lime-to-understand-sklearn-models-predictions#LimeImageExplainer},
  note         = {Accessed: 2024-08-27}
}


@article{Schockaert2020VAELIMEDG,
  title={VAE-LIME: Deep Generative Model Based Approach for Local Data-Driven Model Interpretability Applied to the Ironmaking Industry},
  author={Cedric Schockaert and Vadim Macher and Alexander Schmitz},
  journal={ArXiv},
  year={2020},
  volume={abs/2007.10256},
  url={https://api.semanticscholar.org/CorpusID:220647236}
}


#maksing
@inproceedings{pathak2016context,
  title={Context Encoders: Feature Learning by Inpainting},
  author={Pathak, Deepak and Krahenbuhl, Philipp and Donahue, Jeff and Darrell, Trevor and Efros, Alexei A.},
  booktitle={Proceedings of the IEEE conference on computer vision and pattern recognition},
  pages={2536--2544},
  year={2016}
}

@inproceedings{redmon2016yolo,
  title={You Only Look Once: Unified, Real-Time Object Detection},
  author={Redmon, Joseph and Divvala, Santosh and Girshick, Ross and Farhadi, Ali},
  booktitle={Proceedings of the IEEE conference on computer vision and pattern recognition},
  pages={779--788},
  year={2016}
}

@inproceedings{devlin2018bert,
  title={BERT: Pre-training of Deep Bidirectional Transformers for Language Understanding},
  author={Devlin, Jacob and Chang, Ming-Wei and Lee, Kenton and Toutanova, Kristina},
  journal={arXiv preprint arXiv:1810.04805},
  year={2018}
}


@inproceedings{long2015fully,
  title={Fully Convolutional Networks for Semantic Segmentation},
  author={Long, Jonathan and Shelhamer, Evan and Darrell, Trevor},
  booktitle={Proceedings of the IEEE conference on computer vision and pattern recognition},
  pages={3431--3440},
  year={2015}
}

@inproceedings{vaswani2017attention,
  title={Attention is all you need},
  author={Vaswani, Ashish and Shazeer, Noam and Parmar, Niki and Uszkoreit, Jakob and Jones, Llion and Gomez, Aidan N and Kaiser, {\L}ukasz and Polosukhin, Illia},
  booktitle={Advances in neural information processing systems},
  pages={5998--6008},
  year={2017}
}



@article{CHOU202259,
title = {Counterfactuals and causability in explainable artificial intelligence: Theory, algorithms, and applications},
journal = {Information Fusion},
volume = {81},
pages = {59-83},
year = {2022},
issn = {1566-2535},
doi = {https://doi.org/10.1016/j.inffus.2021.11.003},
url = {https://www.sciencedirect.com/science/article/pii/S1566253521002281},
author = {Yu-Liang Chou and Catarina Moreira and Peter Bruza and Chun Ouyang and Joaquim Jorge},
keywords = {Deep learning, Explainable AI, Causability, Counterfactuals, Causality}
}



#Counterfactual Explanations

@article{DBLP:journals/corr/abs-2003-02425,
  author       = {Chengxi Li and
                  Stanley H. Chan and
                  Yi{-}Ting Chen},
  title        = {Who Make Drivers Stop? Towards Driver-centric Risk Assessment: Risk
                  Object Identification via Causal Inference},
  journal      = {CoRR},
  volume       = {abs/2003.02425},
  year         = {2020},
  url          = {https://arxiv.org/abs/2003.02425},
  eprinttype    = {arXiv},
  eprint       = {2003.02425},
  timestamp    = {Tue, 15 Jun 2021 15:09:34 +0200},
  biburl       = {https://dblp.org/rec/journals/corr/abs-2003-02425.bib},
  bibsource    = {dblp computer science bibliography, https://dblp.org}
}


@inproceedings{Jacob2021STEEXSC,
  title={STEEX: Steering Counterfactual Explanations with Semantics},
  author={Paul Jacob and {\'E}loi Zablocki and Hedi Ben-younes and Micka{\"e}l Chen and Patrick P'erez and Matthieu Cord},
  booktitle={European Conference on Computer Vision},
  year={2021},
  url={https://api.semanticscholar.org/CorpusID:244269857}
}

@article{chang2019explainingimageclassifierscounterfactual,
  author = {Chun-Hao Chang and Elliot Creager and Anna Goldenberg and David Duvenaud},
  title = {Explaining Image Classifiers by Counterfactual Generation},
  journal = {arXiv preprint arXiv:1807.08024},
  year = {2019},
  archivePrefix = {arXiv},
  eprint = {1807.08024},
  url = {https://arxiv.org/abs/1807.08024}
}



@InProceedings{pmlr-v97-goyal19a,
  title = 	 {Counterfactual Visual Explanations},
  author =       {Goyal, Yash and Wu, Ziyan and Ernst, Jan and Batra, Dhruv and Parikh, Devi and Lee, Stefan},
  booktitle = 	 {Proceedings of the 36th International Conference on Machine Learning},
  pages = 	 {2376--2384},
  year = 	 {2019},
  editor = 	 {Chaudhuri, Kamalika and Salakhutdinov, Ruslan},
  volume = 	 {97},
  series = 	 {Proceedings of Machine Learning Research},
  month = 	 {09--15 Jun},
  publisher =    {PMLR},
  pdf = 	 {http://proceedings.mlr.press/v97/goyal19a/goyal19a.pdf},
  url = 	 {https://proceedings.mlr.press/v97/goyal19a.html},
}

@article{Lipton_1990, 
title={Contrastive Explanation}, 
volume={27}, 
DOI={10.1017/S1358246100005130}, 
journal={Royal Institute of Philosophy Supplement}, 
author={Lipton, Peter}, year={1990}, 
pages={247–266}
}

@article{DBLP:journals/corr/abs-1811-03163,
  author       = {Tim Miller},
  title        = {Contrastive Explanation: {A} Structural-Model Approach},
  journal      = {CoRR},
  volume       = {abs/1811.03163},
  year         = {2018},
  url          = {http://arxiv.org/abs/1811.03163},
  eprinttype    = {arXiv},
  eprint       = {1811.03163},
  timestamp    = {Thu, 22 Nov 2018 17:58:30 +0100},
  biburl       = {https://dblp.org/rec/journals/corr/abs-1811-03163.bib},
  bibsource    = {dblp computer science bibliography, https://dblp.org}
}

@article{McGill1993,
  author       = {A. L. McGill and J. G. Klein},
  title        = {Contrastive and counterfactual reasoning in causal judgment},
  journal      = {Journal of Personality and Social Psychology},
  volume       = {64},
  number       = {6},
  pages        = {897--905},
  year         = {1993},
  doi          = {10.1037/0022-3514.64.6.897},
  publisher    = {American Psychological Association},
}

@ARTICLE{9321372,
  author={Stepin, Ilia and Alonso, Jose M. and Catala, Alejandro and Pereira-Fariña, Martín},
  journal={IEEE Access}, 
  title={A Survey of Contrastive and Counterfactual Explanation Generation Methods for Explainable Artificial Intelligence}, 
  year={2021},
  volume={9},
  number={},
  pages={11974-12001},
  keywords={Cognition;Artificial intelligence;Training;Terminology;Taxonomy;Systematics;Signal to noise ratio;Computational intelligence;contrastive explanations;counterfactuals;explainable artificial intelligence;systematic literature review},
  doi={10.1109/ACCESS.2021.3051315}}

@article{DBLP:journals/corr/abs-2102-13076,
  author       = {Francesco Bodria and
                  Fosca Giannotti and
                  Riccardo Guidotti and
                  Francesca Naretto and
                  Dino Pedreschi and
                  Salvatore Rinzivillo},
  title        = {Benchmarking and Survey of Explanation Methods for Black Box Models},
  journal      = {CoRR},
  volume       = {abs/2102.13076},
  year         = {2021},
  url          = {https://arxiv.org/abs/2102.13076},
  eprinttype    = {arXiv},
  eprint       = {2102.13076},
  timestamp    = {Tue, 02 Mar 2021 12:11:01 +0100},
  biburl       = {https://dblp.org/rec/journals/corr/abs-2102-13076.bib},
  bibsource    = {dblp computer science bibliography, https://dblp.org}
}






#SL
@inproceedings{tiwari2022supervised,
  title={Supervised Machine Learning: A Brief Introduction},
  author={Tiwari, Seemant},
  booktitle={Proceedings of the International Conference on Virtual Learning},
  year={2022},
  doi={10.58503/icvl-v17y202218},
  publisher={Southern Taiwan University of Science and Technology},
  address={Tainan City, Taiwan},
}
@article{kotsiantis2007supervised,
  title={Supervised machine learning: A review of classification techniques},
  author={Kotsiantis, S. B.},
  journal={Informatica},
  volume={31},
  pages={249--268},
  year={2007},
  publisher={University of Peloponnese}
}

@misc{IntrotoSL2023,
  author = {Gerzson Boros},
  publisher = {Medium},
  title = {{A simple introduction into supervised learning}},
  year = {2023},
  howpublished = {\url{https://medium.com/@gerzson.boros/a-simple-introduction-into-supervised-learning-dcce83ee3ada}},
  note = {Accessed: 2024-06-24}
}






#UL
@article{naeem2023unsupervised,
  title={An Unsupervised Machine Learning Algorithms: Comprehensive Review},
  author={Naeem, S. and Ali, A. and Anam, S. and Ahmed, M. M.},
  journal={International Journal of Computing and Digital Systems},
  volume={13},
  pages={911--921},
  year={2023},
  doi={10.12785/ijcds/130172}
}

@phdthesis{ranzato2009unsupervised,
  title={Unsupervised Learning of Feature Hierarchies},
  author={Ranzato, Marc'Aurelio},
  year={2009},
  school={New York University}
}

@misc{thesiswhisperer2019unsupervised,
  author       = {kaartikgupta},
  title        = {Week 8: Unsupervised Learning},
  year         = {2019},
  howpublished = {\url{https://thesiswhisperer.home.blog/2019/09/24/week-8-unsupervised-learning/}},
  note         = {Accessed: 2024-06-25}
}

@inproceedings{
kang2024unrexplainer,
title={{UNR}-Explainer: Counterfactual Explanations for Unsupervised Node Representation Learning Models},
author={Hyunju Kang and Geonhee Han and Hogun Park},
booktitle={The Twelfth International Conference on Learning Representations},
year={2024},
url={https://openreview.net/forum?id=0j9ZDzMPqr}
}

#RL
@misc{TechVidvanRL2022,
  author    = {{TechVidvan}},
  title     = {Reinforcement Learning},
  year      = {2022},
  URL       = {https://techvidvan.com/tutorials/reinforcement-learning/},
  note      = {Accessed: 10/2024},
}


xAI
@article{ali2023explainable,
  title={Explainable Artificial Intelligence (XAI): What we know and what is left to attain Trustworthy Artificial Intelligence},
  author={Ali, Muhammad and Abuhmed, Tareq and El-Sappagh, Shaker and Muhammad, Khan},
  journal={Information Fusion},
  volume={99},
  year={2023},
  publisher={Elsevier},
  doi={10.1016/j.inffus.2023.101826}
}


@inproceedings{10.1145/3173386.3177057,
author = {Haspiel, Jacob and Du, Na and Meyerson, Jill and Robert Jr., Lionel P. and Tilbury, Dawn and Yang, X. Jessie and Pradhan, Anuj K.},
title = {Explanations and Expectations: Trust Building in Automated Vehicles},
year = {2018},
isbn = {9781450356152},
publisher = {Association for Computing Machinery},
address = {New York, NY, USA},
url = {https://doi.org/10.1145/3173386.3177057},
doi = {10.1145/3173386.3177057},

booktitle = {Companion of the 2018 ACM/IEEE International Conference on Human-Robot Interaction},
pages = {119–120},
numpages = {2},
keywords = {human-machine interface, transparency, trust in avs},
location = {Chicago, IL, USA},
series = {HRI '18}
}

@misc{samek2017explainableartificialintelligenceunderstanding,
      title={Explainable Artificial Intelligence: Understanding, Visualizing and Interpreting Deep Learning Models}, 
      author={Wojciech Samek and Thomas Wiegand and Klaus-Robert Müller},
      year={2017},
      eprint={1708.08296},
      archivePrefix={arXiv},
      primaryClass={cs.AI},
      url={https://arxiv.org/abs/1708.08296}, 
}

@article{gunning2019darpa,
  title={DARPA’s explainable artificial intelligence (XAI) program},
  author={Gunning, David},
  journal={AI Magazine},
  volume={40},
  number={2},
  pages={44--58},
  year={2019},
  publisher={Association for the Advancement of Artificial Intelligence (AAAI)},
  doi={10.1609/aimag.v40i2.2850}
}



#inpainting
@misc{liu2018imageinpaintingirregularholes,
      title={Image Inpainting for Irregular Holes Using Partial Convolutions}, 
      author={Guilin Liu and Fitsum A. Reda and Kevin J. Shih and Ting-Chun Wang and Andrew Tao and Bryan Catanzaro},
      year={2018},
      eprint={1804.07723},
      archivePrefix={arXiv},
      primaryClass={cs.CV},
      url={https://arxiv.org/abs/1804.07723}, 
}

@inproceedings{suvorov2022resolution,
  title={Resolution-robust large mask inpainting with fourier convolutions},
  author={Suvorov, Roman and Logacheva, Elizaveta and Mashikhin, Anton and Remizova, Anastasia and Ashukha, Arsenii and Korzhenkov, Denis and Niculae, Vlad and Galygin, Sergey and Silvestrov, Alexey},
  booktitle={Proceedings of the IEEE/CVF Winter Conference on Applications of Computer Vision},
  pages={2149--2159},
  year={2022}
}



@article{MARKUS2021103655,
title = {The role of explainability in creating trustworthy artificial intelligence for health care: A comprehensive survey of the terminology, design choices, and evaluation strategies},
journal = {Journal of Biomedical Informatics},
volume = {113},
pages = {103655},
year = {2021},
issn = {1532-0464},
doi = {https://doi.org/10.1016/j.jbi.2020.103655},
url = {https://www.sciencedirect.com/science/article/pii/S1532046420302835},
author = {Aniek F. Markus and Jan A. Kors and Peter R. Rijnbeek},
keywords = {Explainable artificial intelligence, Trustworthy artificial intelligence, Interpretability, Explainable modelling, Post-hoc explanation},
}


@inproceedings{inproceedings,
author = {Cultrera, Luca and Seidenari, Lorenzo and Becattini, Federico and Pala, Pietro and Bimbo, Alberto},
year = {2020},
month = {06},
pages = {1389-1398},
title = {Explaining Autonomous Driving by Learning End-to-End Visual Attention},
doi = {10.1109/CVPRW50498.2020.00178}
}

@misc{bojarski2016endendlearningselfdriving,
      title={End to End Learning for Self-Driving Cars}, 
      author={Mariusz Bojarski and Davide Del Testa and Daniel Dworakowski and Bernhard Firner and Beat Flepp and Prasoon Goyal and Lawrence D. Jackel and Mathew Monfort and Urs Muller and Jiakai Zhang and Xin Zhang and Jake Zhao and Karol Zieba},
      year={2016},
      eprint={1604.07316},
      archivePrefix={arXiv},
      primaryClass={cs.CV},
      url={https://arxiv.org/abs/1604.07316}, 
}


@misc{L1vsL2Loss,
  author = {Bhipanshu Dhupar},
  publisher = {Medium},
  title = {{Loss Functions in Simple Autoencoders: MSE vs. L1 Loss}},
  year = {2023},
  howpublished = {\url{https://medium.com/@bhipanshudhupar/loss-functions-in-simple-autoencoders-mse-vs-l1-loss-4e838ae425b9}},
  note = {Accessed: 2024-10-8}
}

@misc{shukla2015,
  author = {Rishabh Shukla},
  title = {L1 vs L2 Loss},
  howpublished = {\url{https://rishy.github.io/ml/2015/07/28/l1-vs-l2-loss/}},
  year = {2015},
  note = {Accessed: 2024-10-08},
}

@misc{grover2024,
  author = {Prince Grover},
  title = {5 Regression Loss Functions All Machine Learners Should Know},
  howpublished = {\url{https://www.comet.com/site/blog/5-regression-loss-functions-all-machine-learners-should-know/}},
  note = {Accessed: 2024-10-08},
}


@misc{chen2024gridmaskdataaugmentation,
      title={GridMask Data Augmentation}, 
      author={Pengguang Chen and Shu Liu and Hengshuang Zhao and Xingquan Wang and Jiaya Jia},
      year={2024},
      eprint={2001.04086},
      archivePrefix={arXiv},
      primaryClass={cs.CV},
      url={https://arxiv.org/abs/2001.04086}, 
}


@Article{math12121848,
AUTHOR = {Dai, Chengjie and Song, Tiantian and Jin, Yuxuan and Ren, Yixiang and Yang, Bowei and Song, Guanghua},
TITLE = {Masked Feature Compression for Object Detection},
JOURNAL = {Mathematics},
VOLUME = {12},
YEAR = {2024},
NUMBER = {12},
ARTICLE-NUMBER = {1848},
URL = {https://www.mdpi.com/2227-7390/12/12/1848},
ISSN = {2227-7390},
DOI = {10.3390/math12121848}
}
